
@misc{noauthor_cryptowiki_nodate,
	title = {{CryptoWiki}},
	url = {http://cryptowiki.net/index.php?title=Main_Page},
	urldate = {2019-05-10},
	file = {CryptoWiki:/home/junquera/Zotero/storage/66J4WYBI/index.html:text/html}
}

@misc{noauthor_lecture_nodate,
	title = {Lecture 15: {Fully} homomorphic encryption : {Introduction} and bootstrapping},
	url = {https://www.boazbarak.org/cs127spring16/chap15_fhe},
	urldate = {2019-05-10},
	file = {Lecture 15\: Fully homomorphic encryption \: Introduction and bootstrapping:/home/junquera/Zotero/storage/PK963X5Q/chap15_fhe.html:text/html}
}

@techreport{albrecht_homomorphic_2018,
	address = {Toronto, Canada},
	title = {Homomorphic {Encryption} {Security} {Standard}},
	institution = {HomomorphicEncryption.org},
	author = {Albrecht, Martin and Chase, Melissa and Chen, Hao and Ding, Jintai and Goldwasser, Shafi and Gorbunov, Sergey and Halevi, Shai and Hoffstein, Jeffrey and Laine, Kim and Lauter, Kristin and Lokam, Satya and Micciancio, Daniele and Moody, Dustin and Morrison, Travis and Sahai, Amit and Vaikuntanathan, Vinod},
	month = nov,
	year = {2018}
}

@book{fan_somewhat_2012,
	title = {Somewhat {Practical} {Fully} {Homomorphic} {Encryption}},
	author = {Fan, Junfeng and Vercauteren, Frederik},
	year = {2012},
	note = {Published: Cryptology ePrint Archive, Report 2012/144}
}

@misc{noauthor_somewhat_nodate,
	title = {Somewhat {Homomorphic} {Encryption} versus {Fully} {Homomorphic} {Encryption}?},
	url = {https://crypto.stackexchange.com/questions/39591/somewhat-homomorphic-encryption-versus-fully-homomorphic-encryption},
	urldate = {2019-05-10},
	journal = {Cryptography Stack Exchange},
	file = {Snapshot:/home/junquera/Zotero/storage/HXI4KMYF/somewhat-homomorphic-encryption-versus-fully-homomorphic-encryption.html:text/html}
}

@misc{noauthor_very_2012,
	title = {A very casual introduction to {Fully} {Homomorphic} {Encryption}},
	url = {https://blog.cryptographyengineering.com/2012/01/02/very-casual-introduction-to-fully/},
	abstract = {Craig Gentry on board the mothership. (credit) A couple of weeks ago I polled readers for the subjects that they were interested in. You gave me some excellent responses, and I promise they’r…},
	language = {en},
	urldate = {2019-05-10},
	journal = {A Few Thoughts on Cryptographic Engineering},
	month = jan,
	year = {2012},
	file = {Snapshot:/home/junquera/Zotero/storage/M5T4SCFW/very-casual-introduction-to-fully.html:text/html}
}

@article{apon_intro_nodate,
	title = {An intro to lattices and learning with errors},
	language = {en},
	author = {Apon, Daniel},
	pages = {89},
	file = {Apon - An intro to lattices and learning with errors.pdf:/home/junquera/Zotero/storage/G57XR26N/Apon - An intro to lattices and learning with errors.pdf:application/pdf}
}

@techreport{archer_applications_2017,
	address = {Redmond WA, USA},
	title = {Applications of {Homomorphic} {Encryption}},
	institution = {HomomorphicEncryption.org},
	author = {Archer, David and Chen, Lily and Cheon, Jung Hee and Gilad-Bachrach, Ran and Hallman, Roger A. and Huang, Zhicong and Jiang, Xiaoqian and Kumaresan, Ranjit and Malin, Bradley A. and Sofia, Heidi and Song, Yongsoo and Wang, Shuang},
	month = jul,
	year = {2017}
}

@techreport{chase_security_2017,
	address = {Redmond WA, USA},
	title = {Security of {Homomorphic} {Encryption}},
	institution = {HomomorphicEncryption.org},
	author = {Chase, Melissa and Chen, Hao and Ding, Jintai and Goldwasser, Shafi and Gorbunov, Sergey and Hoffstein, Jeffrey and Lauter, Kristin and Lokam, Satya and Moody, Dustin and Morrison, Travis and Sahai, Amit and Vaikuntanathan, Vinod},
	month = jul,
	year = {2017}
}

@book{gentry_homomorphic_2013,
	title = {Homomorphic {Encryption} from {Learning} with {Errors}: {Conceptually}-{Simpler}, {Asymptotically}-{Faster}, {Attribute}-{Based}},
	author = {Gentry, Craig and Sahai, Amit and Waters, Brent},
	year = {2013}
}

@inproceedings{brakerski_leveled_2012,
	address = {New York, NY, USA},
	series = {{ITCS} '12},
	title = {({Leveled}) {Fully} {Homomorphic} {Encryption} {Without} {Bootstrapping}},
	isbn = {978-1-4503-1115-1},
	url = {http://doi.acm.org/10.1145/2090236.2090262},
	doi = {10.1145/2090236.2090262},
	booktitle = {Proceedings of the 3rd {Innovations} in {Theoretical} {Computer} {Science} {Conference}},
	publisher = {ACM},
	author = {Brakerski, Zvika and Gentry, Craig and Vaikuntanathan, Vinod},
	year = {2012},
	note = {event-place: Cambridge, Massachusetts},
	keywords = {bootstrapping, fully homomorphic encryption, learning with errors, modulus reduction},
	pages = {309--325}
}

@inproceedings{gentry_fully_2009,
	address = {New York, NY, USA},
	series = {{STOC} '09},
	title = {Fully {Homomorphic} {Encryption} {Using} {Ideal} {Lattices}},
	isbn = {978-1-60558-506-2},
	url = {http://doi.acm.org/10.1145/1536414.1536440},
	doi = {10.1145/1536414.1536440},
	booktitle = {Proceedings of the {Forty}-first {Annual} {ACM} {Symposium} on {Theory} of {Computing}},
	publisher = {ACM},
	author = {Gentry, Craig},
	year = {2009},
	note = {event-place: Bethesda, MD, USA},
	keywords = {fully homomorphic encryption},
	pages = {169--178}
}

@misc{noauthor_homomorphic_2019,
	title = {Homomorphic encryption},
	copyright = {Creative Commons Attribution-ShareAlike License},
	url = {https://en.wikipedia.org/w/index.php?title=Homomorphic_encryption&oldid=894868556},
	abstract = {Homomorphic encryption is a form of encryption that allows computation on ciphertexts, generating an encrypted result which, when decrypted, matches the result of the operations as if they had been performed on the plaintext.
Homomorphic encryption can be used for privacy-preserving outsourced storage and computation. This allows data to be encrypted and out-sourced to commercial cloud environments for processing, all while encrypted. In highly regulated industries, such as health care, homomorphic encryption can be used to enable new services by removing privacy barriers inhibiting data sharing. For example, predictive analytics in health care can be hard to apply due to medical data privacy concerns, but if the predictive analytics service provider can operate on encrypted data instead, these privacy concerns are diminished.},
	language = {en},
	urldate = {2019-05-10},
	journal = {Wikipedia},
	month = apr,
	year = {2019},
	note = {Page Version ID: 894868556},
	file = {Snapshot:/home/junquera/Zotero/storage/ZCEQ5RMI/index.html:text/html}
}

@misc{noauthor_homomorphic_nodate,
	title = {Homomorphic {Encryption} {Standardization} – {An} {Open} {Industry} / {Government} / {Academic} {Consortium} to {Advance} {Secure} {Computation}},
	url = {http://homomorphicencryption.org/},
	language = {en-US},
	urldate = {2019-05-10},
	file = {Snapshot:/home/junquera/Zotero/storage/JMR3BPZ3/homomorphicencryption.org.html:text/html}
}

@book{dai_cuhe:_2015,
	title = {{cuHE}: {A} {Homomorphic} {Encryption} {Accelerator} {Library}},
	author = {Dai, Wei and Sunar, Berk},
	year = {2015},
	note = {Published: Cryptology ePrint Archive, Report 2015/818}
}

@book{costache_which_2015,
	title = {Which {Ring} {Based} {Somewhat} {Homomorphic} {Encryption} {Scheme} is {Best}?},
	author = {Costache, Anamaria and Smart, Nigel P.},
	year = {2015},
	note = {Published: Cryptology ePrint Archive, Report 2015/889}
}

@misc{wickr_what_2018,
	title = {What is {Lattice}-based cryptography \& why should you care},
	url = {https://medium.com/cryptoblog/what-is-lattice-based-cryptography-why-should-you-care-dbf9957ab717},
	abstract = {Or how do we protect today’s encrypted information against tomorrow’s quantum attacks?},
	urldate = {2019-05-12},
	journal = {Medium},
	author = {Wickr},
	month = jun,
	year = {2018},
	file = {Snapshot:/home/junquera/Zotero/storage/5D5FQW6W/what-is-lattice-based-cryptography-why-should-you-care-dbf9957ab717.html:text/html}
}

@misc{obe_learning_2018,
	title = {Learning {With} {Errors} and {Ring} {Learning} {With} {Errors}},
	url = {https://medium.com/asecuritysite-when-bob-met-alice/learning-with-errors-and-ring-learning-with-errors-23516a502406},
	abstract = {Our existing public key methods are at great danger of being cracked by quantum computers. One of the methods that is proposed as a hard…},
	urldate = {2019-05-12},
	journal = {ASecuritySite: When Bob Met Alice},
	author = {OBE, Prof Bill Buchanan},
	month = jul,
	year = {2018},
	file = {Snapshot:/home/junquera/Zotero/storage/ULT2BCNV/learning-with-errors-and-ring-learning-with-errors-23516a502406.html:text/html}
}

@misc{noauthor_homomorphic_nodate-1,
	title = {Homomorphic {Encryption} {Breakthrough} - {Schneier} on {Security}},
	url = {https://www.schneier.com/blog/archives/2009/07/homomorphic_enc.html},
	urldate = {2019-05-12},
	file = {Homomorphic Encryption Breakthrough - Schneier on Security:/home/junquera/Zotero/storage/5LF7ZP26/homomorphic_enc.html:text/html}
}

@misc{__danger_nodate,
	type = {Internet},
	title = {Danger of using fully homomorphic encryption a look at microsoft seal…},
	url = {https://www.slideshare.net/ssuserbd9135/danger-of-using-fully-homomorphic-encryption-a-look-at-microsoft-seal-cansecwest2019},
	abstract = {Recently, Microsoft open source the Microsoft Simple Encryption Math Library},
	urldate = {2019-05-12},
	author = {酿 峙}
}

@misc{poyiatzis_homomorphic_2018,
	title = {Homomorphic {Encryption} — {The} holy grail of online confidentiality},
	url = {https://medium.com/@apogiatzis/homomorphic-encryption-the-holy-grail-of-online-confidentiality-f6e505365039},
	abstract = {Data… I need more data….},
	language = {en},
	urldate = {2019-08-02},
	journal = {Medium},
	author = {Poyiatzis, Andreas},
	month = jul,
	year = {2018},
	file = {Snapshot:/home/junquera/Zotero/storage/XAFZUKII/homomorphic-encryption-the-holy-grail-of-online-confidentiality-f6e505365039.html:text/html}
}

@misc{noauthor_revolution_2017,
	title = {Revolution and {Evolution}: {Fully} {Homomorphic} {Encryption}},
	shorttitle = {Revolution and {Evolution}},
	url = {https://galois.com/blog/2017/12/revolution-evolution-fully-homomorphic-encryption/},
	abstract = {This article originally appeared in the Summer 2017 edition of the U.S. Cybersecurity Magazine More and more computation is being outsourced to public clouds such as Amazon’s GovCloud and Elastic Compute Cloud, RackSpace, and others. It’s the new “gig” economy for computer hardware. These cloud computers can be just as vulnerable as any other computer, …},
	urldate = {2019-08-02},
	journal = {Galois, Inc.},
	month = dec,
	year = {2017},
	file = {Snapshot:/home/junquera/Zotero/storage/8WBSWMPQ/revolution-evolution-fully-homomorphic-encryption.html:text/html}
}

@misc{thaine_homomorphic_2019,
	title = {Homomorphic {Encryption} for {Beginners}: {A} {Practical} {Guide} ({Part} 1)},
	shorttitle = {Homomorphic {Encryption} for {Beginners}},
	url = {https://medium.com/privacy-preserving-natural-language-processing/homomorphic-encryption-for-beginners-a-practical-guide-part-1-b8f26d03a98a},
	abstract = {I will first go over the basics of homomorphic encryption, followed by a brief overview of the open source homomorphic encryption…},
	language = {en},
	urldate = {2019-08-02},
	journal = {Medium},
	author = {Thaine, Patricia},
	month = jan,
	year = {2019},
	file = {Snapshot:/home/junquera/Zotero/storage/BIRZ6M4Z/homomorphic-encryption-for-beginners-a-practical-guide-part-1-b8f26d03a98a.html:text/html}
}

@misc{noauthor_homomorphic_nodate-2,
	title = {Homomorphic cryptosystems in {RSA}},
	url = {https://crypto.stackexchange.com/questions/3555/homomorphic-cryptosystems-in-rsa},
	urldate = {2019-08-02},
	journal = {Cryptography Stack Exchange},
	file = {Snapshot:/home/junquera/Zotero/storage/K9WXKWD4/homomorphic-cryptosystems-in-rsa.html:text/html}
}

@misc{noauthor_fully_nodate,
	title = {Fully {Homomorphic} {Encryption} and {Signatures} {\textbar} {Simons} {Institute} for the {Theory} of {Computing}},
	url = {https://simons.berkeley.edu/talks/wichs-brakerski-2015-07-06},
	urldate = {2019-08-02},
	file = {Fully Homomorphic Encryption and Signatures | Simons Institute for the Theory of Computing:/home/junquera/Zotero/storage/6AXA9ZRM/wichs-brakerski-2015-07-06.html:text/html}
}

@misc{noauthor_lattice-based_2019,
	title = {Lattice-based cryptography},
	copyright = {Creative Commons Attribution-ShareAlike License},
	url = {https://en.wikipedia.org/w/index.php?title=Lattice-based_cryptography&oldid=908847210},
	abstract = {Lattice-based cryptography is the generic term for constructions of cryptographic primitives that involve lattices, either in the construction itself or in the security proof. Lattice-based constructions are currently important candidates for post-quantum cryptography.  Unlike more widely used and known public-key schemes such as the RSA, Diffie-Hellman or Elliptic-Curve cryptosystems, which are easily attacked by a quantum computer, some lattice-based constructions appear to be resistant to attack by both classical and quantum computers. Furthermore, many lattice-based constructions are known to be secure under the assumption that certain well-studied computational lattice problems cannot be solved efficiently.},
	language = {en},
	urldate = {2019-08-02},
	journal = {Wikipedia},
	month = aug,
	year = {2019},
	note = {Page Version ID: 908847210},
	file = {Snapshot:/home/junquera/Zotero/storage/UAPZAMAM/index.html:text/html}
}

@incollection{halevi_homomorphic_2017,
	address = {Cham},
	series = {Information {Security} and {Cryptography}},
	title = {Homomorphic {Encryption}},
	isbn = {978-3-319-57048-8},
	url = {https://doi.org/10.1007/978-3-319-57048-8_5},
	abstract = {Fully homomorphic encryption (FHE) has been called the “Swiss Army knife of cryptography”, since it provides a single tool that can be uniformly applied to many cryptographic applications. In this tutorial we study FHE and describe its different properties, relations with other concepts in cryptography, and constructions. We briefly discuss the three generations of FHE constructions since Gentry’s breakthrough result in 2009, and cover in detail the third-generation scheme of Gentry, Sahai, and Waters (GSW).},
	language = {en},
	urldate = {2019-08-02},
	booktitle = {Tutorials on the {Foundations} of {Cryptography}: {Dedicated} to {Oded} {Goldreich}},
	publisher = {Springer International Publishing},
	author = {Halevi, Shai},
	editor = {Lindell, Yehuda},
	year = {2017},
	doi = {10.1007/978-3-319-57048-8_5},
	keywords = {Cryptology ePrint Archive, Encrypt Data, Encryption Scheme, Homomorphic Encryption, Private Information Retrieval},
	pages = {219--276}
}

@book{chillotti_tfhe:_2016,
	title = {{TFHE}: {Fast} {Fully} {Homomorphic} {Encryption} {Library}},
	author = {Chillotti, Ilaria and Gama, Nicolas and Georgieva, Mariya and Izabachène, Malika},
	month = aug,
	year = {2016}
}

@book{noauthor_microsoft_2019,
	title = {Microsoft {SEAL} (release 3.3)},
	url = {https://github.com/Microsoft/SEAL},
	month = jun,
	year = {2019}
}

@incollection{micciancio_lattice-based_2009,
	address = {Berlin, Heidelberg},
	title = {Lattice-based {Cryptography}},
	isbn = {978-3-540-88702-7},
	url = {https://doi.org/10.1007/978-3-540-88702-7_5},
	abstract = {In this chapter we describe some of the recent progress in lattice-based cryptography. Lattice-based cryptographic constructions hold a great promise for post-quantum cryptography, as they enjoy very strong security proofs based on worst-case hardness, relatively efficient implementations, as well as great simplicity. In addition, lattice-based cryptography is believed to be secure against quantum computers. Our focus here will be mainly on the practical aspects of lattice-based cryptography and less on the methods used to establish their security. For other surveys on the topic of lattice-based cryptography, see, e.g., [36, 52, 60, 71] and the lecture notes [51, 67]. The survey by Nguyen and Stern [60] also describes some applications of lattices in cryptanalysis, an important topic that we do not discuss here. Another useful resource is the book by Micciancio and Goldwasser [49], which also contains a wealth of information on the computational complexity aspects of lattice problems.},
	language = {en},
	urldate = {2019-08-19},
	booktitle = {Post-{Quantum} {Cryptography}},
	publisher = {Springer Berlin Heidelberg},
	author = {Micciancio, Daniele and Regev, Oded},
	editor = {Bernstein, Daniel J. and Buchmann, Johannes and Dahmen, Erik},
	year = {2009},
	doi = {10.1007/978-3-540-88702-7_5},
	keywords = {Hash Function, Lattice Problem, Quantum Algorithm, Random Oracle Model, Signature Scheme},
	pages = {147--191},
	file = {Versión enviada:/home/junquera/Zotero/storage/N5CA43NU/Micciancio y Regev - 2009 - Lattice-based Cryptography.pdf:application/pdf}
}

@misc{noauthor_red_2018,
	title = {Red (grupo)},
	copyright = {Creative Commons Attribution-ShareAlike License},
	url = {https://es.wikipedia.org/w/index.php?title=Red_(grupo)&oldid=112557175},
	abstract = {En matemáticas, especialmente en geometría y teoría de grupos, una red o retículo en Rn es un subgrupo discreto de Rn que genera el espacio vectorial Rn de los números reales. Cada red en Rn se puede generar a partir de una base del espacio vectorial mediante la formación de todas las combinaciones lineales de coeficientes enteros. Una red o retículo puede ser vista como una teselación regular de un espacio por una celda o malla primitiva.
Las redes tienen muchas aplicaciones importantes en la matemática pura, en especial en relación al álgebra de Lie, teoría de números y la teoría de grupos. También se presentan en matemáticas aplicadas en relación con la teoría de la codificación, en criptografía debido a la dificultad del cálculo en varios problemas de red, y se utiliza en diversos campos de las ciencias físicas. Por ejemplo, en ciencia de los materiales y física del estado sólido, una red es un sinónimo del esqueleto de una estructura cristalina, una matriz de puntos regularmente espaciados en tres dimensiones coincidiendo con las posiciones de los átomos o moléculas en un cristal. Más en general, los modelos de redes se estudian en física, muy frecuentemente mediante las técnicas de la física computacional.},
	language = {es},
	urldate = {2019-08-19},
	journal = {Wikipedia, la enciclopedia libre},
	month = dec,
	year = {2018},
	note = {Page Version ID: 112557175},
	file = {Snapshot:/home/junquera/Zotero/storage/CK9RRG4N/index.html:text/html}
}

@misc{noauthor_base_2018,
	title = {Base (álgebra)},
	copyright = {Creative Commons Attribution-ShareAlike License},
	url = {https://es.wikipedia.org/w/index.php?title=Base_(%C3%A1lgebra)&oldid=112556453},
	abstract = {En álgebra lineal, una base es un conjunto B del espacio vectorial V si se cumplen las siguientes condiciones:

Todos los elementos de B pertenecen al espacio vectorial V.
Los elementos de B forman un sistema linealmente independiente.
Todo elemento de V se puede escribir como combinación lineal de los elementos de la base B (es decir, B es un sistema generador de V).[Nota 1]​},
	language = {es},
	urldate = {2019-08-19},
	journal = {Wikipedia, la enciclopedia libre},
	month = dec,
	year = {2018},
	note = {Page Version ID: 112556453},
	file = {Snapshot:/home/junquera/Zotero/storage/TWZT44Q4/index.html:text/html}
}

@misc{noauthor_lattice_2019,
	title = {Lattice problem},
	copyright = {Creative Commons Attribution-ShareAlike License},
	url = {https://en.wikipedia.org/w/index.php?title=Lattice_problem&oldid=907089742},
	abstract = {In computer science, lattice problems are a class of optimization problems related to mathematical objects called lattices. The conjectured intractability of such problems is central to construction of secure lattice-based cryptosystems. For applications in such cryptosystems, lattices over vector spaces (often





            Q


            n




    \{{\textbackslash}displaystyle {\textbackslash}mathbb \{Q\} {\textasciicircum}\{n\}\}
  ) or free modules (often





            Z


            n




    \{{\textbackslash}displaystyle {\textbackslash}mathbb \{Z\} {\textasciicircum}\{n\}\}
  ) are generally considered.
For all the problems below, assume that we are given (in addition to other more specific inputs) a basis for the vector space V and a norm N. The norm usually considered is L2. However, other norms (such as Lp) are also considered and show up in a variety of results. Let



        λ
        (
        L
        )


    \{{\textbackslash}displaystyle {\textbackslash}lambda (L)\}
   denote the length of the shortest non-zero vector in the lattice L, that is,




        λ
        (
        L
        )
        =

          min

            v
            ∈
            L
            ∖
            \{\vphantom{\}}

              0

            \vphantom{\{}\}


        ‖
        v

          ‖

            N


        .


    \{{\textbackslash}displaystyle {\textbackslash}lambda (L)={\textbackslash}min \_\{v{\textbackslash}in L{\textbackslash}setminus {\textbackslash}\{{\textbackslash}mathbf \{0\} {\textbackslash}\}\}{\textbackslash}{\textbar}v{\textbackslash}{\textbar}\_\{N\}.\}},
	language = {en},
	urldate = {2019-08-19},
	journal = {Wikipedia},
	month = jul,
	year = {2019},
	note = {Page Version ID: 907089742},
	file = {Snapshot:/home/junquera/Zotero/storage/Z36ERV7D/index.html:text/html}
}

@inproceedings{regev_learning_2010,
	title = {The {Learning} with {Errors} {Problem} ({Invited} {Survey})},
	doi = {10.1109/CCC.2010.26},
	abstract = {In this survey we describe the Learning with Errors (LWE) problem, discuss its properties, its hardness, and its cryptographic applications.},
	booktitle = {2010 {IEEE} 25th {Annual} {Conference} on {Computational} {Complexity}},
	author = {Regev, O.},
	month = jun,
	year = {2010},
	keywords = {Cryptography, learning with errors, Application software, Computational complexity, Computer errors, Computer science, cryptographic applications, cryptography, Decoding, Equations, errors problem, invited survey, lattice-based cryptography, Lattices, LWE, Polynomials, Zinc},
	pages = {191--204},
	file = {IEEE Xplore Abstract Record:/home/junquera/Zotero/storage/YZ2ADPUC/5497885.html:text/html;IEEE Xplore Full Text PDF:/home/junquera/Zotero/storage/ETUI8HTB/Regev - 2010 - The Learning with Errors Problem (Invited Survey).pdf:application/pdf}
}

@misc{noauthor_generalized_2019,
	title = {Generalized normal distribution},
	copyright = {Creative Commons Attribution-ShareAlike License},
	url = {https://en.wikipedia.org/w/index.php?title=Generalized_normal_distribution&oldid=898098236},
	abstract = {The generalized normal distribution or generalized Gaussian distribution (GGD) is either of two families of parametric continuous probability distributions on the real line.  Both families add a shape parameter to the normal distribution.  To distinguish the two families, they are referred to below as "version 1" and "version 2".  However this is not a standard nomenclature.},
	language = {en},
	urldate = {2019-08-20},
	journal = {Wikipedia},
	month = may,
	year = {2019},
	note = {Page Version ID: 898098236},
	file = {Snapshot:/home/junquera/Zotero/storage/SN94EIMS/index.html:text/html}
}

@misc{t._zijlstra_learning_nodate,
	title = {Learning with {Errors}- based {Cryptography} · {Semidoc}},
	url = {https://semidoc.github.io/zijlstra-lwe},
	urldate = {2019-08-20},
	author = {T. Zijlstra},
	file = {Learning with Errors- based Cryptography · Semidoc:/home/junquera/Zotero/storage/WRQNLSW2/zijlstra-lwe.html:text/html}
}

@misc{noauthor_cifrado_2018,
	title = {Cifrado maleable},
	copyright = {Creative Commons Attribution-ShareAlike License},
	url = {https://es.wikipedia.org/w/index.php?title=Cifrado_maleable&oldid=107189153},
	abstract = {[1]​Un esquema de cifrado es maleable (en inglés malleable) si conocido un texto cifrado




          c

            i




    \{{\textbackslash}displaystyle c\_\{i\}\}
   se puede fácilmente crear otro texto cifrado




          c

            j




    \{{\textbackslash}displaystyle c\_\{j\}\}
   tal que el resultado de descifrar




          c

            i




    \{{\textbackslash}displaystyle c\_\{i\}\}
   (




          d

            k


        (

          c

            i


        )


    \{{\textbackslash}displaystyle d\_\{k\}(c\_\{i\})\}
  ) y el resultado de descifrar




          c

            j




    \{{\textbackslash}displaystyle c\_\{j\}\}
   (




          d

            k


        (

          c

            j


        )


    \{{\textbackslash}displaystyle d\_\{k\}(c\_\{j\})\}
  ) tienen una relación conocida.
Este concepto fue introducido en 1991 por D. Dolev, Dwork y J. L. Carter[2]​},
	language = {es},
	urldate = {2019-08-20},
	journal = {Wikipedia, la enciclopedia libre},
	month = apr,
	year = {2018},
	note = {Page Version ID: 107189153},
	file = {Snapshot:/home/junquera/Zotero/storage/CJY8IHFL/index.html:text/html}
}

@inproceedings{dolev_non-malleable_1991,
	address = {New York, NY, USA},
	series = {{STOC} '91},
	title = {Non-malleable {Cryptography}},
	isbn = {978-0-89791-397-3},
	url = {http://doi.acm.org/10.1145/103418.103474},
	doi = {10.1145/103418.103474},
	urldate = {2019-08-20},
	booktitle = {Proceedings of the {Twenty}-third {Annual} {ACM} {Symposium} on {Theory} of {Computing}},
	publisher = {ACM},
	author = {Dolev, Danny and Dwork, Cynthia and Naor, Moni},
	year = {1991},
	note = {event-place: New Orleans, Louisiana, USA},
	pages = {542--552}
}

@incollection{micciancio_lattice-based_2009-1,
	address = {Berlin, Heidelberg},
	title = {Lattice-based {Cryptography}},
	isbn = {978-3-540-88702-7},
	url = {https://doi.org/10.1007/978-3-540-88702-7_5},
	abstract = {In this chapter we describe some of the recent progress in lattice-based cryptography. Lattice-based cryptographic constructions hold a great promise for post-quantum cryptography, as they enjoy very strong security proofs based on worst-case hardness, relatively efficient implementations, as well as great simplicity. In addition, lattice-based cryptography is believed to be secure against quantum computers. Our focus here will be mainly on the practical aspects of lattice-based cryptography and less on the methods used to establish their security. For other surveys on the topic of lattice-based cryptography, see, e.g., [36, 52, 60, 71] and the lecture notes [51, 67]. The survey by Nguyen and Stern [60] also describes some applications of lattices in cryptanalysis, an important topic that we do not discuss here. Another useful resource is the book by Micciancio and Goldwasser [49], which also contains a wealth of information on the computational complexity aspects of lattice problems.},
	language = {en},
	urldate = {2019-08-20},
	booktitle = {Post-{Quantum} {Cryptography}},
	publisher = {Springer Berlin Heidelberg},
	author = {Micciancio, Daniele and Regev, Oded},
	editor = {Bernstein, Daniel J. and Buchmann, Johannes and Dahmen, Erik},
	year = {2009},
	doi = {10.1007/978-3-540-88702-7_5},
	keywords = {Hash Function, Lattice Problem, Quantum Algorithm, Random Oracle Model, Signature Scheme},
	pages = {147--191},
	file = {Versión enviada:/home/junquera/Zotero/storage/DLC3AP84/Micciancio y Regev - 2009 - Lattice-based Cryptography.pdf:application/pdf}
}

@misc{tfhe-math,
    title = {{TFHE} {Math} Library},
    howpublished = {\url{https://gitlab.com/junquera/tfhe-math}},
    author  = {Javier Junquera},
    month = august,
    year = 2019,
    Note = {},
    key = {TFHE-MATH}
}
